% Encoding: UTF-8
%
% Turn off URLs (from https://tex.stackexchange.com/a/268987)
@IEEEtranBSTCTL{MyBSTcontrol,
	CTLuse_url = "no",
}

@inproceedings{Brunet2014a,
	author = {Brunet, Jo\~{a}o and Murphy, Gail C. and Terra, Ricardo and Figueiredo, Jorge and Serey, Dalton},
	title = {Do Developers Discuss Design?},
	booktitle = {Proceedings of the 11th Working Conference on Mining Software Repositories},
	series = {MSR 2014},
	year = {2014},
	isbn = {978-1-4503-2863-0},
	location = {Hyderabad, India},
	pages = {340--343},
	numpages = {4},
	url = {http://doi.acm.org/10.1145/2597073.2597115},
	doi = {10.1145/2597073.2597115},
	acmid = {2597115},
	publisher = {ACM},
	address = {New York, NY, USA},
	keywords = {Design Discussions, Empirical Study, Machine Learning},
}

@inproceedings{Gousios2013,
	author = {Gousios, Georgios},
	title = {The GHTorent Dataset and Tool Suite},
	booktitle = {Proceedings of the 10th Working Conference on Mining Software Repositories},
	series = {MSR '13},
	year = {2013},
	isbn = {978-1-4673-2936-1},
	location = {San Francisco, CA, USA},
	pages = {233--236},
	numpages = {4},
	url = {http://dl.acm.org/citation.cfm?id=2487085.2487132},
	acmid = {2487132},
	publisher = {IEEE Press},
	address = {Piscataway, NJ, USA},
} 